<?xml version="1.0" encoding="UTF-8"?><collection xmlns="http://www.loc.gov/MARC21/slim"><record><leader>00429nam--2200133-i-4500</leader><controlfield tag="001">000034476</controlfield><controlfield tag="002">20161230</controlfield><controlfield tag="005">20161230201040</controlfield><controlfield tag="008">060222s1000------------r-----000-0-eng-d</controlfield><datafield ind1=" " ind2=" " tag="080"><subfield code="a">530.12</subfield></datafield><datafield ind1=" " ind2=" " tag="100"><subfield code="a">Nordenson, Harald</subfield></datafield><datafield ind1=" " ind2=" " tag="245"><subfield code="a">Relativity, time and reality. a critical investigation of the einstein theory of relativity from a logical point of view</subfield></datafield><datafield ind1=" " ind2=" " tag="260"><subfield code="a">London, George Allen And Unwin Ltd., 1969, 214p</subfield></datafield><datafield ind1=" " ind2=" " tag="852"><subfield code="a">32447</subfield></datafield></record></collection>